2086 2760
322 871 480 929 Acerbo
504 899 607 930 hercle
630 899 693 930 fato
719 898 855 930 Oscarus
880 899 1018 939 Crueger
1042 909 1143 940 nuper
1177 900 1226 931 his
1258 900 1371 931 litteris
1405 904 1532 942 ereptus
1565 905 1620 939 est,
1657 913 1750 943 quem
1787 914 1858 946 spes
1893 911 1960 937 erat

162 960 370 1000 theognideae
394 961 512 991 criseos
529 971 609 1002 opus
628 961 870 1002 profligaturum
896 970 972 991 esse.
1019 970 1133 1002 nempe
1157 962 1283 1002 egregio
1308 963 1334 993 is
1357 963 1504 994 acumine
1520 968 1725 1004 perspexerat
1749 966 1849 997 solido
1874 968 1959 1008 quod

163 1022 273 1061 optimi
297 1022 414 1052 codicis
438 1023 602 1063 scripturis
627 1026 846 1054 constructum
873 1025 920 1053 est
936 1022 1143 1053 fundamento
1168 1024 1262 1064 eique
1286 1024 1344 1054 soli
1360 1023 1495 1056 firmiter
1509 1026 1722 1057 insistendum
1749 1037 1830 1059 esse:
1856 1039 1961 1070 neque

163 1092 236 1113 vero
260 1083 428 1123 ignorabat
456 1084 539 1115 idem
568 1094 637 1115 eam
666 1085 819 1115 rationem
849 1093 932 1124 quae
960 1085 1043 1115 inter
1071 1085 1255 1115 iteratorum
1285 1095 1436 1117 versuum
1468 1087 1778 1129 archetyporumque
1808 1090 1958 1122 lectiones

162 1144 338 1176 intercedit.
386 1145 440 1176 sed
465 1149 633 1187 postquam
669 1156 756 1187 spem
792 1146 878 1176 illam
904 1146 1130 1187 fortunamque
1165 1150 1289 1187 praeter
1323 1149 1575 1188 expectationem
1612 1151 1713 1190 amisi,
1750 1152 1800 1182 vel
1836 1153 1958 1184 invitus

162 1206 314 1237 omissum
341 1216 420 1247 opus
444 1208 522 1239 meis
546 1218 603 1249 ego
628 1208 778 1239 manibus
802 1208 906 1239 denuo
931 1208 1048 1239 sustuli
1073 1212 1102 1239 et
1125 1209 1167 1238 ita
1193 1209 1322 1248 quidem
1347 1211 1473 1246 sustuli,
1509 1214 1545 1242 ut
1580 1222 1674 1252 quam
1705 1214 1807 1253 operis
1836 1218 1957 1255 partem

160 1277 178 1298 a
202 1268 362 1309 plerisque
386 1270 497 1310 iniquo
522 1270 654 1301 consilio
678 1279 765 1300 nunc
789 1269 853 1300 fere
877 1271 1034 1300 contemni
1060 1270 1208 1310 viderem,
1232 1270 1396 1302 historiam
1420 1273 1560 1304 criticam
1585 1274 1725 1315 syllogae
1749 1276 1957 1316 theognideae

160 1329 230 1360 eius
256 1340 352 1370 quam
386 1334 542 1369 tenemus,
579 1341 647 1363 eam
673 1341 768 1372 quam
793 1331 1008 1363 curiosissime
1043 1341 1169 1373 possem
1204 1334 1431 1373 pertexendam
1467 1335 1545 1366 mihi
1581 1345 1752 1368 sumerem.
1777 1355 1819 1359 —
1858 1338 1956 1378 signi-

165 1391 332 1423 ficaveram
357 1392 494 1424 Hermae
519 1393 557 1424 ab
582 1393 754 1424 Huebnero
779 1393 853 1424 editi
877 1394 972 1424 tomis
996 1393 1059 1424 XV
1084 1404 1111 1434 p.
1138 1395 1200 1424 524
1225 1404 1263 1425 ss.
1290 1398 1320 1426 et
1337 1395 1417 1426 XVI
1434 1407 1462 1437 p.
1484 1396 1547 1427 506
1573 1408 1612 1429 ss.
1645 1408 1708 1438 quo
1738 1399 1865 1430 tandem
1897 1400 1955 1430 hoc

162 1454 334 1492 quaerendi
359 1464 476 1494 genere
501 1455 700 1486 evadendum
726 1465 778 1486 ese
803 1456 1031 1486 existimarem:
1058 1465 1145 1486 nunc
1169 1456 1323 1496 quaedam
1350 1458 1447 1498 selegi
1472 1468 1615 1490 summae
1638 1461 1683 1490 rei
1709 1462 1820 1501 capita,
1838 1461 1954 1502 quibus

159 1516 355 1554 pertractatis
379 1516 618 1557 aliquantulum
644 1527 694 1548 me
718 1518 756 1548 ad
780 1518 963 1548 institutum
989 1517 1112 1548 exitum
1136 1527 1379 1558 progressurum
1405 1529 1474 1551 csse
1499 1521 1630 1551 confido.

316 1577 331 1608 I
365 1577 486 1618 Incipio
511 1590 528 1609 a
552 1578 624 1609 libri
648 1579 779 1620 parisini
804 1578 876 1609 fatis
901 1582 994 1619 atque
1019 1579 1123 1609 indole
1147 1579 1285 1611 breviter
1309 1581 1547 1613 adumbrandis.
1591 1584 1618 1613 is
1642 1584 1740 1623 igitur
1764 1584 1845 1614 liber
1869 1586 1954 1616 unde

159 1637 298 1670 Parisios
323 1639 445 1670 adlatus
469 1641 516 1680 sit,
545 1641 584 1672 de
604 1651 640 1671 ea
664 1651 697 1671 re
722 1650 851 1681 prorsus
881 1641 1114 1681 desperandum
1150 1651 1219 1672 esse
1254 1652 1341 1672 nunc
1376 1643 1453 1673 mihi
1489 1646 1619 1674 constat.
1667 1654 1741 1675 nam
1779 1655 1850 1676 cum
1881 1650 1953 1677 ante

159 1699 215 1730 hos
239 1711 338 1732 annos
359 1704 508 1742 quattuor
533 1702 699 1733 Alfredum
725 1702 875 1742 Schoene,
900 1704 954 1743 qui
979 1706 1046 1733 tum
1075 1703 1203 1734 Parisiis
1229 1704 1372 1744 degebat,
1397 1705 1545 1745 precibus
1570 1706 1717 1746 adissem,
1747 1710 1781 1738 ut
1806 1708 1882 1748 qiud
1906 1709 1950 1739 rei

159 1764 242 1792 esset
264 1763 445 1802 quaerendo
461 1763 504 1794 ibi
522 1764 762 1805 adsequeretur,
784 1775 861 1795 mox
885 1765 1015 1795 edoctus
1040 1775 1109 1795 sum
1134 1766 1167 1795 in
1192 1766 1297 1796 archio
1323 1765 1540 1805 bybliothecae
1564 1768 1651 1799 illius
1675 1768 1820 1810 publicae
1844 1773 1952 1801 extare

159 1822 345 1854 fasciculum
370 1826 569 1866 schedarum,
593 1826 710 1867 quibus
735 1828 864 1857 nomina
888 1831 918 1857 et
942 1828 1028 1867 origo
1058 1826 1203 1857 codicum
1230 1836 1337 1858 eorum
1363 1829 1610 1869 continerentur,
1646 1831 1700 1870 qui
1726 1830 1807 1861 ‘vers
1830 1831 1893 1862 l'an
1912 1832 1952 1861 Y’

157 1894 197 1915 ex
233 1887 407 1917 mutinensi
440 1888 574 1928 aliisque
607 1888 816 1927 bybliothecis
852 1889 1014 1929 cisalpinis
1039 1888 1178 1919 Parisios
1201 1890 1349 1929 asportati
1375 1894 1489 1930 essent,
1525 1901 1636 1921 verum
1662 1892 1831 1923 desiderari
1857 1894 1887 1923 in
1914 1903 1950 1924 eo

157 1952 219 1977 tam
244 1947 436 1988 Theognidis
460 1951 559 1980 nostri
594 1950 718 1991 (Suppl.
745 1951 823 1991 338)
856 1961 950 1991 quam
975 1950 1169 1990 Thucydidis
1194 1951 1317 1993 (Suppl.
1343 1950 1420 1993 255)
1446 1953 1643 1993 aliorumque
1668 1954 1832 1994 librorum,
1868 1965 1948 1995 quos

156 2017 192 2037 eo
216 2012 356 2049 tempore
390 2020 429 2041 ex
465 2011 556 2042 Italia
579 2012 690 2043 allatos
715 2022 784 2043 esse
808 2013 870 2042 fam
915 2012 1043 2049 ferebat,
1080 2014 1273 2044 memoriam.
1326 2014 1411 2044 unde
1446 2015 1496 2045 vel
1531 2025 1607 2046 casu
1643 2026 1712 2046 eam
1748 2017 1866 2057 perisse
1898 2017 1948 2048 vel

157 2070 330 2101 extinctam
364 2082 432 2103 esse
468 2074 600 2104 consilio
634 2077 701 2104 tum
737 2075 886 2113 maxime,
921 2084 994 2105 cum
1031 2074 1240 2106 Vindobonae
1281 2076 1320 2106 de
1354 2077 1558 2116 reciperanda
1598 2078 1712 2117 praeda
1742 2079 1947 2119 napoleonica

157 2134 312 2171 ageretur,
335 2133 456 2174 liquido
481 2139 617 2175 apparet.
665 2136 781 2166 frustra
806 2138 911 2166 autem
941 2136 987 2166 fui
1010 2136 1187 2167 Florentiae
1222 2147 1278 2178 per
1301 2138 1476 2167 amicorum
1512 2148 1637 2179 operam
1673 2141 1871 2180 exquirendo
1907 2151 1946 2171 an

156 2193 234 2224 forte
259 2204 275 2224 e
299 2193 573 2234 bybliothecarum
597 2206 715 2237 earum,
739 2207 820 2237 quae
844 2207 946 2237 nuper
968 2207 1004 2228 eo
1028 2198 1201 2228 translatae
1225 2202 1308 2238 sunt,
1336 2200 1487 2240 catalogis
1510 2201 1591 2241 rapti
1626 2210 1664 2231 ex
1702 2202 1808 2242 aliqua
1837 2212 1945 2232 earum

156 2255 272 2286 codicis
307 2256 403 2287 huius
438 2259 548 2288 notitia
583 2259 754 2289 emerserit.
804 2259 939 2299 scriptus
975 2262 1022 2289 est
1057 2260 1183 2290 saeculo
1220 2261 1340 2291 decimo
1365 2261 1465 2291 codex
1501 2262 1570 2292 sinc
1594 2262 1690 2293 dubio
1725 2264 1758 2293 in
1795 2264 1945 2294 coenobio

156 2317 260 2357 aliquo
283 2328 396 2358 graeco
420 2321 451 2349 et
475 2320 604 2359 quidem
629 2330 758 2360 prorsus
782 2322 891 2351 eadem
916 2321 1092 2351 litteratura
1117 2332 1178 2361 qua
1203 2322 1340 2363 exempli
1365 2332 1460 2353 causa
1480 2323 1660 2354 clarkianus
1678 2324 1818 2355 Platonis
1843 2326 1944 2356 codex

156 2382 306 2410 exaratus
331 2383 384 2410 est.
432 2380 616 2419 ignoramus
640 2384 745 2412 autem
772 2391 834 2422 quo
858 2386 998 2423 tempore
1022 2384 1055 2413 in
1073 2383 1196 2414 Italiam
1221 2384 1335 2414 allatus
1360 2385 1410 2416 sit.
1457 2385 1540 2424 quod
1560 2384 1631 2416 licet
1648 2387 1807 2426 suspicere
1823 2386 1942 2417 factum
