2200 2760
1068 82 1107 113 15

190 193 376 224 leviusculis
400 192 583 232 inquinatos
608 190 747 221 codicem
772 190 946 231 parisiuum
978 189 1245 230 deprehendimus
1269 188 1504 229 recuperandae
1537 189 1711 229 scripturae
1743 189 1876 219 traditae
1911 188 1979 218 fon-

189 258 251 286 tem
278 255 427 292 unicun13
453 256 613 294 praeterea
638 255 782 283 constare
799 251 967 282 docuimus
991 253 1177 282 iteratorum
1203 260 1354 282 versuum
1374 251 1616 290 discrepantiam
1634 250 1672 280 ab
1696 250 1826 281 arbitrio
1843 250 1980 289 lusuque

189 318 259 348 eius
282 317 420 347 hominis
445 325 514 347 esse
537 314 750 356 repetendam,
777 314 833 354 qui
856 314 993 344 iterandi
1017 324 1070 344 cos
1095 316 1207 344 auctor
1229 313 1299 345 fuit.
1347 312 1463 353 quodsi
1479 313 1661 343 memineris
1678 315 1784 343 actum
1802 321 1869 343 esse
1886 312 1979 342 etiam

187 379 225 410 de
249 379 399 409 varietate
423 378 567 409 lectionis
591 386 636 416 ea,
669 371 768 417 uuam
804 377 887 406 circa
919 377 1137 416 incorruptum
1169 375 1260 405 illum
1294 374 1410 405 fontem
1446 375 1579 405 unicum
1603 373 1733 405 libertas
1758 374 1809 405 vel
1832 373 1978 405 titubatio

187 441 377 481 scriptorum
402 441 586 478 multorum,
611 439 667 479 qui
691 438 871 479 Theognide
895 438 953 468 hoe
978 441 1085 468 nostro
1108 430 1193 468 inde⁴
1214 447 1231 467 a
1256 437 1396 468 Platonis
1427 438 1568 477 tempore
1600 436 1653 466 usi
1684 439 1768 475 sunt,
1799 435 1980 466 accumula-

188 512 261 533 vere
285 520 327 524 —
350 502 475 543 gaudeo
499 504 604 532 autem
632 500 716 541 quod
740 499 838 530 sobrii
862 499 1010 530 homines
1034 499 1144 530 iudicii
1167 500 1249 529 hanc
1280 508 1389 529 sanam
1413 499 1630 539 sospitemque
1663 507 1797 528 messem
1822 497 1979 537 Cruegero

190 574 259 595 meo
285 574 347 595 non
371 564 545 594 inviderint
558 581 600 585 —-
612 562 704 593 firmo
721 565 871 601 certoque
886 562 987 602 gradu
1005 562 1099 592 altius
1116 561 1208 592 evadi
1232 570 1324 601 posse
1349 560 1518 591 confiteare
1532 562 1654 600 oportet
1671 560 1709 590 ad
1727 560 1979 590 examinandum

189 627 433 657 fundamentum
451 626 628 665 antiquum,
652 625 685 655 in
704 634 767 665 quo
784 625 860 654 haec
877 623 997 664 sylloge
1014 633 1031 654 a
1047 623 1265 663 grammaticis
1288 623 1430 653 classicis
1454 623 1623 652 constituta
1648 624 1703 652 est.
1749 622 1802 652 sed
1829 621 1978 661 quoniam

191 690 315 725 metam,
339 687 377 717 ad
403 697 499 727 quam
516 696 733 727 properamus,
756 695 861 726 neque
885 686 918 715 in
943 686 992 716 his
1008 686 1158 726 temporis
1183 685 1342 725 angustiis
1366 694 1470 724 neque
1487 693 1543 724 per
1562 684 1705 723 iniquam
1722 684 1802 714 hanc
1820 682 1980 714 scribendi

190 749 407 780 necessitatem
432 749 585 788 attingere
609 759 796 780 concessum
822 751 878 787 est,
913 749 1025 788 paucis
1062 746 1247 788 significabo
1283 756 1365 787 quae
1395 746 1566 786 aliquando
1602 747 1685 776 iusto
1719 748 1978 785 argumentorum

186 811 398 841 instrumento
422 811 560 851 amplius
584 820 764 851 persequar.

345 882 445 912 supra
475 873 614 903 vidimus
643 872 727 903 haud
760 882 860 913 pauca
897 872 1030 902 disticha
1065 872 1171 902 iterari
1200 872 1233 901 in
1264 870 1424 901 codicibus
1460 869 1618 909 omnibus,
1651 870 1710 899 tria
1747 870 1779 898 in
1817 869 1891 899 solis
1915 868 1980 900 AB.

188 936 331 976 quinque
354 935 388 964 in
413 934 478 964 solo
506 934 541 973 A,
566 936 597 964 at
620 935 653 964 in
678 934 743 964 solo
769 934 794 964 B
820 944 858 965 ne
885 944 982 964 unum
1009 933 1147 974 quidem.
1194 936 1355 973 praeterea
1379 933 1549 963 docuimus
1574 934 1734 962 auctorem
1757 931 1869 960 harum
1887 930 1980 960 itera—

187 998 307 1028 tionum
333 999 444 1036 suopte
468 996 598 1026 consilio
623 1005 724 1036 eoque
749 997 885 1036 pessimo
910 996 1056 1027 traditam
1083 996 1328 1035 archetyporum
1346 995 1537 1035 scripturam
1554 995 1750 1029 immutasse,
1776 993 1888 1033 partim
1914 992 1980 1023 solo

187 1059 320 1089 ductum
344 1058 488 1088 variandi
511 1058 645 1098 pruritu,
669 1059 784 1098 partim
810 1058 894 1098 quod
930 1058 1153 1098 proprietatem
1189 1057 1417 1087 vocabulorum
1454 1057 1761 1095 sententiarumque,
1796 1054 1899 1084 hebeti
1929 1054 1980 1084 ille

189 1120 352 1161 praeditus
376 1129 471 1151 sensu
499 1121 721 1160 sermonisque
744 1120 932 1160 antiquioris
956 1130 1068 1160 parum
1094 1129 1221 1159 gnarus,
1256 1119 1340 1149 iusto
1379 1119 1486 1148 minus
1522 1118 1689 1148 intellexit.
1737 1117 1806 1147 cius
1841 1117 1979 1146 hominis

193 1192 319 1223 operam
344 1191 514 1212 commune
538 1182 682 1212 codicum
713 1183 854 1212 omnium
890 1181 1094 1222 arclietypon,
1127 1181 1213 1221 quod
1248 1181 1375 1211 saeculo
1408 1181 1530 1211 decimo
1566 1180 1731 1218 antiquius
1766 1178 1870 1214 fuerit,
1902 1179 1979 1208 inte-

186 1254 275 1284 gram
311 1243 490 1274 exhibuerit
525 1247 654 1284 oportet,
688 1245 937 1285 repraesentavit
973 1247 1077 1274 autem
1118 1244 1273 1284 integram
1310 1245 1336 1273 is
1373 1252 1469 1282 quem
1504 1243 1607 1273 solum
1643 1240 1781 1271 vidimus
1818 1251 1889 1271 cuni
1918 1240 1980 1271 fide

189 1306 353 1346 archetypi
376 1306 547 1345 imaginem
573 1307 777 1346 expressisse,
801 1307 935 1346 scriptor
958 1306 1030 1336 libri
1054 1306 1194 1346 parisini,
1220 1305 1313 1345 paulo
1338 1306 1540 1335 imminutam
1561 1303 1707 1335 vaticani.
1753 1303 1808 1333 sed
1837 1303 1979 1334 eiusdem

186 1368 325 1397 hominis
350 1385 390 1389 —
416 1367 604 1398 diorthotam
629 1377 701 1398 euni
738 1368 1018 1408 magistellumque
1043 1377 1138 1408 supra
1174 1367 1346 1398 identidem
1371 1367 1482 1397 vocavi
1507 1384 1546 1387 -
1584 1375 1713 1395 manum
1753 1366 1978 1405 corruptricem

189 1430 283 1459 etiam
308 1429 403 1459 latius
420 1439 553 1469 vagasse
578 1430 686 1460 videor
710 1430 787 1460 milii
811 1430 1082 1460 animadvertisse.
1130 1432 1239 1459 extant
1264 1430 1294 1458 in
1320 1429 1441 1468 sylloga
1459 1430 1565 1458 nostra
1584 1428 1663 1467 elegi
1682 1427 1829 1457 nonnulli
1846 1426 1980 1458 Solonis.

189 1492 298 1520 extant
323 1491 455 1521 aliorum
480 1495 645 1531 poetarum
670 1493 811 1522 carmina
837 1493 1020 1522 intermixta
1055 1492 1263 1531 theognideis.
1312 1492 1373 1521 iam
1399 1501 1415 1520 a
1442 1491 1566 1520 Solonis
1591 1492 1691 1524 textu,
1726 1489 1830 1528 qualis
1854 1488 1978 1519 Stobaei

189 1552 417 1592 Plutarchique
441 1554 598 1593 excerptis
623 1554 758 1585 traditus
784 1556 840 1591 est,
867 1554 916 1584 hic
941 1556 1049 1584 noster
1077 1553 1268 1593 aliquotiens
1297 1553 1463 1592 discrepat.
1511 1552 1625 1592 quodsi
1658 1552 1853 1582 concesseris
1884 1551 1980 1590 scrip-

186 1616 291 1644 torum
318 1614 442 1644 illorum
468 1618 593 1645 textum
618 1615 711 1656 longe
736 1618 894 1656 praestaro
918 1615 1116 1655 theognideo,
1141 1615 1195 1644 vix
1220 1614 1425 1651 dubitaveris,
1451 1615 1528 1653 quin
1554 1614 1695 1643 eiusdem
1718 1613 1856 1643 hominis
1874 1613 1978 1643 nasuti

189 1675 357 1715 conamini,
383 1678 437 1716 qui
463 1677 592 1707 iteratos
616 1676 807 1717 Theognidis
833 1687 943 1708 versus
967 1677 1084 1708 infelici
1110 1684 1225 1708 eventu
1250 1677 1429 1714 variaverit,
1453 1677 1547 1706 ctiam
1572 1678 1723 1706 attentata
1739 1674 1864 1705 Solonis
1883 1674 1980 1705 verba

190 1735 353 1769 attribuas.
400 1738 476 1768 mihi
502 1742 585 1769 certe
609 1739 787 1769 videtur—
801 1740 973 1781 perfungar
989 1740 1073 1770 enim
1094 1738 1240 1778 exemplo
1255 1757 1293 1759 ss
1310 1738 1523 1779 discrepantia
1538 1737 1729 1778 Theognidis
1743 1747 1792 1766 vv.
1807 1736 1979 1766 226—232

189 1799 360 1829 585-590
386 1810 403 1830 a
427 1803 517 1831 textu
543 1801 666 1831 Solonis
691 1801 862 1832 stobaeano
888 1801 992 1831 Floril.
1019 1802 1090 1840 925
1115 1802 1157 1831 ita
1182 1802 1298 1841 optime
1323 1801 1482 1840 explicari.
1507 1810 1579 1830 nam
1614 1803 1738 1840 praeter
1770 1803 1873 1829 cetera
1908 1798 1979 1838 quis

187 1869 250 1890 non
276 1860 391 1891 viderit
413 1865 645 1901 pentametrum
671 1862 795 1893 Solonis
822 1864 861 1893 74
886 1868 916 1894 et
941 1874 1021 1904 quae
1045 1864 1148 1893 statim
1173 1866 1327 1893 secuntur
1350 1863 1393 1892 ita
1419 1864 1501 1892 recte
1525 1863 1621 1894 scribi
1645 1862 1729 1902 apud
1755 1861 1923 1891 Stobaeuin

504 1922 614 1965 κέρδεα
641 1927 707 1962 τοῖς
733 1927 864 1968 ἐΙνῃιόῖς
889 1919 1028 1955 dimo-ar
1051 1922 1212 1955 ἀθάιίιιοι

451 1980 511 2028 r'icq
536 1986 566 2016 δ’
589 1985 624 2025 ἐξ
646 1983 748 2018 αἰνῶν
772 1983 1002 2029 ἇναιμιιίἐῐαι·

188 2045 271 2076 unde
294 2045 486 2086 Theognidis
512 2048 718 2088 interpolator
742 2049 818 2079 haec
843 2049 945 2079 effecit

503 2107 648 2151 χρήματα
677 2113 742 2147 ὀἷς
768 2113 900 2152 θυμοῖς
923 2108 1042 2151 γίνεται
1070 2106 1238 2152 ἀφροσύνη

450 2165 510 2213 frti]
535 2171 564 2201 δ’
588 2170 622 2210 ἐξ
644 2168 741 2214 αἰτῇς
765 2168 993 2214 ἆιίιᾳαίνεταν

188 2229 243 2259 ubi
268 2225 429 2274 ἇιῙροσίπη
446 2233 521 2272 quid
540 2233 600 2263 sibi
626 2234 700 2264 velit
720 2244 758 2264 ne
783 2234 928 2273 intellego
955 2233 1093 2273 quidem.
1141 2236 1244 2263 cetera
1270 2233 1301 2262 in
1327 2233 1385 2262 hoc
1409 2233 1513 2272 priore
1534 2234 1683 2273 excerpto
1708 2250 1749 2253 -
1776 2231 1902 2271 volgare
1926 2226 1978 2260 ἀν-

186 2288 357 2331 &pamm
389 2293 598 2325 substitutum
636 2306 662 2325 v.
690 2296 726 2324 Tl
752 2296 891 2335 genuino
929 2292 1063 2335 ἀνδράσι
1092 2297 1207 2332 κεῖται,
1244 2294 1328 2333 quod
1361 2294 1538 2324 Aristotelis
1573 2294 1761 2333 gravissimo
1798 2292 1977 2323 testiinonio

186 2351 328 2392 fulcitur,
355 2353 546 2396 τειρομένοις
585 2367 612 2386 v.
639 2356 678 2386 76
705 2358 868 2397 scriptum.
902 2356 958 2386 ubi
986 2355 1153 2398 ιισομέἰίμ7
1176 2356 1293 2398 optime
1317 2366 1350 2386 se
1374 2355 1467 2386 habet
1492 2374 1533 2377 -—
1558 2356 1613 2384 vix
1637 2356 1849 2397 explicatione
1876 2356 1978 2394 egent.

187 2413 265 2445 falso
290 2419 396 2446 autem
421 2426 509 2448 nune
533 2427 660 2457 quoque
685 2421 845 2449 testantur
869 2417 1006 2448 editores
1040 2428 1067 2449 v.
1094 2419 1132 2448 72
1160 2415 1230 2448 νόον
1254 2417 1349 2448 scribi
1375 2417 1457 2457 apud
1482 2417 1712 2457 Theognidem:
1751 2419 1833 2446 certe
1862 2416 1894 2445 in
1920 2414 1977 2445 AB
